<record><leader>00000cas a22000007a 4500</leader><controlfield tag="001">10135731</controlfield><controlfield tag="008">831116d19321932njuuu ne      0    0eng d</controlfield><datafield ind1=" " ind2=" " tag="010"><subfield code="a">sn 83032073 </subfield></datafield><datafield ind1=" " ind2=" " tag="040"><subfield code="a">NPU</subfield><subfield code="b">eng</subfield><subfield code="c">NPU</subfield><subfield code="d">DLC</subfield><subfield code="d">OCLCQ</subfield></datafield><datafield ind1=" " ind2=" " tag="042"><subfield code="a">msc</subfield></datafield><datafield ind1="0" ind2="0" tag="245"><subfield code="a">Boardwalk marathon news.</subfield></datafield><datafield ind1=" " ind2=" " tag="260"><subfield code="a">Atlantic City, N.J. :</subfield><subfield code="b">George L. Ruty, Zeke Youngblood</subfield></datafield><datafield ind1=" " ind2=" " tag="300"><subfield code="a">v. :</subfield><subfield code="b">ill. ;</subfield><subfield code="c">45 cm.</subfield></datafield><datafield ind1="1" ind2=" " tag="362"><subfield code="a">Began and ceased in 1932?</subfield><subfield code="z">Cf. Directory of N.J. newspapers, 1765-1970 / Wright &amp; Stellhorn.</subfield></datafield><datafield ind1=" " ind2=" " tag="588"><subfield code="a">Description based on: Vol. 1, no. 14 (Aug. 29, 1932).</subfield></datafield><datafield ind1=" " ind2=" " tag="752"><subfield code="a">United States</subfield><subfield code="b">New Jersey</subfield><subfield code="c">Atlantic</subfield><subfield code="d">Atlantic City.</subfield></datafield></record>